% Encoding: UTF-8

@techreport{macavaney:hal-04746200,
  TITLE = {{Report on the Collab-a-thon at ECIR 2024}},
  AUTHOR = {Macavaney, Sean and Roegiest, Adam and Lipani, Aldo and Parry, Andrew and Engelmann, Bj{\"o}rn and Katharina, Christin and Meng, Chuan and Frayling, Erlend and Yang, Eugene and Schlatt, Ferdinand and Faggioli, Guglielmo and Scells, Harrisen and Atanassova, Iana and Friese, Jana and Bevendorff, Janek and Sanz-Cruzado, Javier and Trippas, Johanne and Pathak, Kanaad and Dhole, Kaustubh and Azzopardi, Leif and Fr{\"o}be, Maik and Bertin, Marc and Prasad, Nishchal and Zerhoudi, Saber and Wang, Shuai and Chatterjee, Shubham and Jaenich, Thomas and Kruschwitz, Udo and Wang, Xi and Long, Zijun},
  URL = {https://hal.science/hal-04746200},
  PAGES = {Vol. 58 No. 1},
  INSTITUTION = {{ACM SIGIR Forum}},
  YEAR = {2024},
  MONTH = Mar,
  PDF = {https://hal.science/hal-04746200v1/file/p10.pdf},
}

@dataset{gutehrle_2024_14134215,
  author       = {Gutehrlé, Nicolas and
                  Ningrum, Panggih Kusuma and
                  Atanassova, Iana},
  title        = {{Annotated Dataset for Uncertainty Mining : Gold 
                   Standard}},
  month        = nov,
  year         = 2024,
  publisher    = {Zenodo},
  doi          = {10.5281/zenodo.14134215},
  url          = {https://doi.org/10.5281/zenodo.14134215}
}

@article{kauffmann2021,
  TITLE = {{Indirectly Named Entity Recognition}},
  AUTHOR = {Kauffmann, Alexis and Rey, Fran{\c c}ois-Claude and Atanassova, Iana and Gaudinat, Arnaud and Greenfield, Peter and Madinier, H{\'e}l{\`e}ne and Cardey, Sylviane},
  URL = {https://polipapers.upv.es/index.php/jclr/article/view/15922},
  JOURNAL = {{Journal of Computer-Assisted Linguistic Research (JCLR)}},
  PUBLISHER = {{Universitat Polit{\`e}cnica de Val{\`e}ncia}},
  VOLUME = {5},
  NUMBER = {1},
  PAGES = {27-46},
  YEAR = {2021},
  DOI = {10.4995/JCLR.2021.15922},
  KEYWORDS = {named entities ; indirectly named entities ; information extraction ; named entity recognition ; multiword expressions ; text processing ; text mining}
}

@inproceedings{atanassova:hal-04746055,
  TITLE = {{CriticalMinds: Enhancing ML Models for ESG Impact Analysis Categorisation Using Linguistic Resources and Aspect-Based Sentiment Analysis}},
  AUTHOR = {Atanassova, Iana and Potier, Marine and Mathie, Maya and Bertin, Marc and Ningrum, Panggih Kusuma},
  BOOKTITLE = {{Joint Workshop of the 7th Financial Technology and Natural Language Processing and the 5th Knowledge Discovery from Unstructured Data in Financial Services, and the 4th Workshop on Economics and Natural Language Processing @ LREC-COLING-2024}},
  ADDRESS = {Torino, Italy},
  EDITOR = {Association for Computational Linguistics},
  SERIES = {Financial Technology and Natural Language Processing (FinNLP)},
  PAGES = {248--253},
  YEAR = {2024},
  MONTH = May,
  KEYWORDS = {ABSA ; ESG ; Impact level ; Impact length ; ESG taxonomy ; linguistic resources},
  PDF = {https://hal.science/hal-04746055v1/file/2024.finnlp-1.26.pdf}
}


@article{ningrum:hal-04773905,
  TITLE = {{Annotation of scientific uncertainty using linguistic patterns}},
  AUTHOR = {Ningrum, Panggih Kusuma and Atanassova, Iana},
  JOURNAL = {{Scientometrics}},
  PUBLISHER = {{Springer Verlag}},
  YEAR = {2024},
  MONTH = May,
  DOI = {10.1007/s11192-024-05009-z},
  KEYWORDS = {Scientific uncertainty ; Semantic annotation ; Annotation framework ; Linguistic patterns}
}

@incollection{cardeygreenfield:hal-04774785,
  TITLE = {{Languages Analysis, Comparison and Generation - Systems, Models and Applications}},
  AUTHOR = {Cardey-Greenfield, Sylviane and Rey, Fran{\c c}ois-Claude and Atanassova, Iana},
  booktitle = {BULAG - Bulletin de linguistique appliquée et générale}, 
  ISSN = {0758-6787}, 
  PUBLISHER = {{Presses Universitaires de Franche-Comt{\'e}}},
  NUMBER = {40},
  YEAR = {2022}
}


@InProceedings{atanassova:hal-01956800,
  author       = {Atanassova, Iana},
  title        = {{De l'intuition scientifique au moment de l'illumination : {\'e}tude de "Th{\'e}or{\`e}me vivant'' par C{\'e}dric Villani}},
  booktitle    = {{Eur{\^e}ka ! Le r{\'e}cit savant de d{\'e}couverte et/ou d'invention}},
  year         = {2018},
  organization = {{Universit{\'e} de Franche-Comt{\'e} and Centre de Recherches Interdisciplinaires et Transculturelles C.R.I.T. (EA 3224)}},
  month        = Nov,
  address      = {Besan{\c c}on, France},
  annotation = {cat-sansActes},
}


@InProceedings{atanassova-greci,
  author       = {Atanassova, Iana},
  title        = {{A journey into Scientific Uncertainty: Building a Project of Excellence in the HSS}},
  booktitle    = {{Networking and Training Workshop - CrECI Project}},
  year         = {2023},
  organization = {{Universit{\'e} de Franche-Comt{\'e}}},
  address      = {Besan{\c c}on, France},
  annotation   = {cat-seminaire},
}

@inproceedings{lebechec2021,
  TITLE = {{Data Papers et diss{\'e}mination des donn{\'e}es de la recherche : quelles pratiques en SHS ?}},
  AUTHOR = {Le B{\'e}chec, Mariannig and Atanassova, Iana},
  BOOKTITLE = {{Colloque DHNord2021 : Publier, partager, réutiliser les données de la recherche : les data papers et leurs enjeux}},
  ADDRESS = {France},
  YEAR = {2021},
  MONTH = {11}
}

@misc{atanassova2021scinlp,
  TITLE = {{Categorising Scientific Uncertainty in Papers}},
  AUTHOR = {Atanassova, Iana and Rey, Fran{\c c}ois-C.},
  NOTE = {Poster},
  ORGANIZATION = {{SciNLP 2021 at Virtual conference hosted at Automated Knowledge Base Construction (ABKC) 2021}},
  PAGES = {https://scinlp.org},
  YEAR = {2021},
  KEYWORDS = {Epistemic uncertainty ; Incertitude Epist{\'e}mique ; Incertidumbre epistemol{\'o}gica ; Incertidumbre epist{\'e}mica},
  annotation = {cat-sansActes}
}

@inproceedings{malaterre:hal-04780332,
  TITLE = {{Navigating the Unknown: A Textual Analysis of Uncertainty in Astrobiology Research}},
  AUTHOR = {Malaterre, Christophe and Atanassova, Iana and Lareau, Francis and Kusuma Ningrum, Panggih},
  URL = {https://hal.science/hal-04780332},
  BOOKTITLE = {{Congress of the Canadian Society for the History and Philosophy of Science (CSHPS)}},
  ADDRESS = {Montr{\'e}al  (Qu{\'e}bec), Canada},
  ORGANIZATION = {{Canadian Society for the History and Philosophy of Science (CSHPS)}},
  YEAR = {2024},
  annotation = {cat-sansActes}
}


@InProceedings{gutehrle2021nlp4dh,
  author    = {Gutehrl{\'e}, Nicolas and Atanassova, Iana},
  title     = {{Logical Layout Analysis Applied to Historical Newspapers}},
  booktitle = {{Workshop on Natural Language Processing for Digital Humanities (NLP4DH) co-located with ICON 2021}},
  year      = {2021},
  month     = Dec,
  file      = {9_Paper-2.pdf:https\://hal.archives-ouvertes.fr/hal-03468972/file/9_Paper-2.pdf:PDF},
}

@dataset{gutehrle-dataset2021,
  TITLE = {{Dataset for Logical-layout analysis on French historical newspapers}},
  AUTHOR = {Gutehrl{\'e}, Nicolas and Atanassova, Iana},
    month        = oct,
  year         = 2021,
  publisher    = {Zenodo},
  version      = {1.0},
  doi          = {10.5281/zenodo.5752440},
  url          = {https://doi.org/10.5281/zenodo.5752440}
}

@InProceedings{atanassova2021cide,
  TITLE = {{Identification et gestion des donn{\'e}es personnelles dans les textes}},
  AUTHOR = {Atanassova, Iana and Cardey-Greenfield, Sylviane and Madinier, H{\'e}l{\`e}ne and El Abed, Walid},
  BOOKTITLE = {{CiDE.22 : 22{\'e}me {\'e}dition du Colloque International sur le Document Electronique Donn{\'e}es Documents Connaissances : Perspectives de recherche et d'enseignement}},
  ADDRESS = {Paris, France},
  YEAR = {2021}
}

@InProceedings{Atanassova2015c,
  author     = {Atanassova, Iana},
  title      = {Fouille textuelle de revues intellectuelles qu\'eb\'ecoises},
  booktitle  = {83\textsuperscript{e} congr\`es de l'ACFAS (Association francophone pour le savoir), "Une plateforme pour la recherche et l'exp\'erimentation"},
  year       = {2015},
  address    = {Rimouski, Canada},
  annotation = {cat-sansActes},
}

@PhdThesis{Atanassova2012These,
  author   = {Atanassova, Iana},
  title    = {Exploitation informatique des annotations sémantiques automatiques d'Excom pour la recherche d'informations et la navigation},
  year     = {2012},
  month    = {janvier},
  address  = {Paris, France},
  keywords = {Information retrieval, Semantic annotation, Contextual exploration, Information extraction, Ranking algorithm},
  school   = {Universit\'{e} Paris-Sorbonne (Paris-IV), sous la direction de Pr. Jean-Pierre Desclés},
  title-en = {Information Retrieval and Text Navigation through the Exploitation of the Automatic Semantic Annotation of the Excom Engine},
}

@Unpublished{atanassova2015lip6,
  author    = {Atanassova, Iana},
  title     = {Recherche d'information et fouille textuelle à partir d'annotations sémantiques de textes scientifiques},
  year      = {2011},
  note      = {Laboratoire LIP6, UMR 7606 UPMC - CNRS, Paris},
  month     = {Novembre}
}

@Unpublished{atanassova2009medialab,
  Title                    = {Quels outils de mesure et de navigation en sciences humaines et sociales ? Analyse s\'emantique et automatique de r\'ef\'erences bibliographiques},
  Author                   = {Atanassova, Iana},
  Note                     = {M\'edialab, Sciences Po, Paris},
  Month                    = {Novembre},
  Year                     = {2009}
}

@InProceedings{Atanassova2008,
  author    = {Atanassova, Iana and Blais, Antoine and Descl{\'e}s, Jean-Pierre},
  title     = {{A Cross-lingual Approach to the Discourse Automatic Annotation: Application to French and Bulgarian}},
  booktitle = {The 21\textsuperscript{st} International International Florida Artificial Intelligence Research Society Conference (FLAIRS 2008)},
  year      = {2008},
  publisher = {AAAI Press},
  month     = {May},
  abstract  = {In this paper we propose a cross-lingual approach to the discourse automatic annotation of scientific articles by the Contextual Exploration method. We present an application to French and Bulgarian as an illustration of the possibility to work with different languages that the method provides. We describe the methodology for the construction of the linguistic resources for Bulgarian based on the already existing resources for French and make an evaluation of the obtained annotations. We also discuss some of the applications of the discourse automatic annotation for automatic summarization and information retrieval.},
  address   = {Coconut Grove, Florida, USA},
}

@InProceedings{Atanassova2008a,
  Title                    = {{La plate-forme EXCOM comme outil automatique d'annotations s\'emantiques des textes pour la cat\'egorisation des informations sur le Web}},
  Author                   = {Atanassova, Iana and Descl\'es, Jean-Pierre and Franchi, Aur\'elien and Le Priol, Florence},
  Booktitle                = {Colloque "Internet : besoin de communiquer autrement", Universit\'e St. Cl\'ement d'Ohride},
  Year                     = {2008},
  Address                  = {Sofia, Bulgarie},
  Month                    = {octobre},
  annotation = {cat-national}
}

@InProceedings{atanassova:hal-01956811,
  author       = {Atanassova, Iana and Hatira, In{\'e}s and El Cadi, Cam{\'e}lia and Cardey-Greenfield, Sylviane},
  title        = {{Cr{\'e}ation d'une langue contr{\^o}l{\'e}e pour les messages en fran{\c c}ais et en anglais {\`a} destination des pi{\'e}tons pour la mobilit{\'e} urbaine}},
  booktitle    = {{FUTURMOB-17: Pr{\'e}parer la transition vers la mobilit{\'e} autonome}},
  year         = {2017},
  organization = {{Universit{\'e} Bourgogne Franche-Comt{\'e} and Universit{\'e} de Technologie de Belfort Montb{\'e}liard}},
  month        = Sep,
  address      = {Montb{\'e}liard, France},
  annotation   = {cat-national},
  hal_id       = {hal-01956811},
  hal_version  = {v1},
}

@Proceedings{atanassova:hal-01956808,
  title        = {{INFuture2017 - Integrating ICT in Society}},
  year         = {2017},
  editor       = {Atanassova, Iana and Wajdi Zaghouani and Bruno Kragi{\'c} and Kuldar Aas and Hrvoje Stan{\v c}i{\'c} and Sanja Seljan},
  note         = {ISSN: 1847-8220},
  organization = {{Department of Information and Communication Sciences, Faculty of Humanities and Social Sciences, University of Zagreb and The Miroslav Krle{\v z}a Institute of Lexicography}},
  month        = Nov,
  address      = {Zagreb, Croatia},
  author       = {Atanassova, Iana and Zaghouani, Wajdi and Kragi{\'c}, Bruno and Aas, Kuldar and Stan{\v c}i{\'c}, Hrvoje and Seljan, Sanja},
  booktitle    = {{6\textsuperscript{th}International Conference The Future of Information Sciences (INFuture)}},
  hal_id       = {hal-01956808},
  hal_version  = {v1},
}

@InProceedings{Blais2007,
  author    = {Antoine Blais and Atanassova, Iana and Jean-Pierre Descl\'es and Leila Zighem and Mimi Zhang},
  title     = {{Discourse Automatic Annotation of Texts: an Application to Summarization}},
  booktitle = {The 20\textsuperscript{th} International Florida Artificial Intelligence Research Society Conference (FLAIRS 2007)},
  year      = {2007},
  publisher = {AAAI Press},
  month     = {May},
  abstract  = {The exploitation of the discourse structure of a text and the identification of the discourse categories are essential elements for the automatic summarization, as well as for the textual information retrieval. In this paper we will describe an automatic summarization strategy that uses these elements as the basis for the extraction of the most relevant textual segments that will constitute the summary. Certain linguistic markers allow us to annotate automatically a text according to discourse categories, in order to make visible the discourse structure and the discourse categories in the text. Our approach is domain independent and the discourse categories that we use for summarization are general for all natural languages. This makes it possible to apply our method to articles in various domains and in different languages.},
  address   = {Key West, Florida, USA},
}

@InProceedings{morsi:hal-01956613,
  author      = {Morsi, Youcef Ihab and Bordet, Yves and Atanassova, Iana},
  title       = {{{\'E}tude lexicale de textes arabes pour l'{\'e}valuation automatique de la complexit{\'e} textuelle}},
  booktitle   = {{7\textsuperscript{e} Colloque International en Traductologie et TAL (TRADETAL 2016)}},
  year        = {2016},
  month       = {5},
  address     = {Oran, Algeria},
  hal_id      = {hal-01956613},
  hal_version = {v1},
}

@InProceedings{at22019,
  author     = {Atanassova, Iana},
  title      = {Beyond Metadata: the New Challenges in Mining Scientific Papers (Keynote talk)},
  booktitle  = {8\textsuperscript{th} International Workshop on Bibliometric-enhanced Information Retrieval (BIR 2019) co-located with 41\textsuperscript{st} European Conference on Information Retrieval (ECIR 2019)},
  year       = {2019},
  month      = apr,
  address    = {Cologne, Germany},
  annotation = {cat-invite},
}

@InProceedings{rey:hal-01956806,
  author       = {Rey, Fran{\c c}ois-C. and Thomas, Izabella and Atanassova, Iana},
  title        = {{G{\'e}n{\'e}ration d'exercices d'apprentissage de langue de sp{\'e}cialit{\'e} par l'exploration du corpus}},
  booktitle    = {{Atelier Enseignement des langues et TAL (ELTAL)}},
  year         = {2016},
  volume       = {9},
  series       = {Actes de la conf{\'e}rence conjointe JEP-TALN-RECITAL 2016},
  organization = {{Inalco}},
  month        = Jul,
  address      = {Paris, France},
  hal_id       = {hal-01956806},
  hal_version  = {v1},
}

@InProceedings{atanassova:hal-01956810,
  author       = {Atanassova, Iana},
  title        = {{Information retrieval and semantic annotation of scientific corpora (Keynote speech)}},
  booktitle    = {{6\textsuperscript{th} International Conference The Future of Information Sciences (INFuture) - Integrating ICT in Society}},
  year         = {2017},
  organization = {{Department of Information and Communication Sciences Faculty of Humanities and Social Sciences, University of Zagreb and The Miroslav Krle{\v z}a Institute of Lexicography}},
  month        = Nov,
  address      = {Zagreb, Croatia},
  annotation   = {cat-invite},
  hal_id       = {hal-01956810},
  hal_version  = {v1},
}

@InProceedings{guterhle:hal-01956816,
  author       = {Guterhl{\'e}, Nicolas and Atanassova, Iana and Cardey-Greenfield, Sylviane},
  title        = {{Langue contr{\^o}l{\'e}e pour un syst{\`e}me de messages et alertes dans un environnement de mobilit{\'e} : gestion de l'ambigu{\"i}t{\'e} phonologique}},
  booktitle    = {{FUTURMOB-17: Pr{\'e}parer la transition vers la mobilit{\'e} autonome}},
  year         = {2017},
  organization = {{Universit{\'e} Bourgogne Franche-Comt{\'e} and Universit{\'e} de Technologie de Belfort Montb{\'e}liard}},
  month        = Sep,
  address      = {Montb{\'e}liard, France},
  annotation   = {cat-national},
  hal_id       = {hal-01956816},
  hal_version  = {v1},
}

@InProceedings{jin:hal-01956803,
  author       = {Jin, Gan and Atanassova, Iana and Soumana, Ibrahim and Cardey-Greenfield, Sylviane},
  title        = {{Mod{\`e}le pour un syst{\`e}me multilingue d'analyse des opinons et de sentiment}},
  booktitle    = {{Terminology \& Ontology : Th\'eories and applications (TOTh 2017)}},
  year         = {2017},
  organization = {{University of Savoie}},
  month        = Jun,
  address      = {Chamb{\'e}ry, France},
  hal_id       = {hal-01956803},
  hal_version  = {v1},
}

@InProceedings{at2019,
  author    = {Atanassova, Iana and Gan Jin and Ibrahim Soumana and Peter Greenfield and Cardey-Greenfield, Sylviane},
  title     = {{Semantically-driven Competitive Intelligence Information Extraction: linguistic model and application}},
  booktitle = {The Eleventh International Conference on Creative Content Technologies (CONTENT 2019)},
  year      = {2019},
  address   = {Venice, Italy},
}

@InProceedings{Thomas2015,
  author    = {Izabella Thomas and Atanassova, Iana},
  title     = {Towards the Enrichment of Terminological Resources by Scientific Corpora Analysis},
  booktitle = {Electronic lexicography in the 21\textsuperscript{th} century Conference: Linking lexical data in the digital age (eLex 2015)},
  year      = {2015},
  address   = {United Kingdom},
}

@InProceedings{Morsi2019,
  author    = {Morsi, Youcef Ihab and Atanassova, Iana},
  title     = {{Analyse morphosyntaxique de l'arabe par une approche linguistique}},
  booktitle = {{Terminology \& Ontology: Th\'eories and applications (TOTh 2019)}},
  year      = {2019},
  month     = Jun,
  address   = {Chamb{\'e}ry, France},
}

@Proceedings{tasla2015,
  title    = {Atelier "Traitement Automatique des Langues Slaves" (TASLA)},
  year     = {2015},
  date     = {2015-06-22},
  editor   = {Kostov, Jovan and Thomas, Izabella and Atanassova, Iana},
  series   = {22\textsuperscript{e} Conférence sur le Traitement Automatique des Langues Naturelles (TALN 2015)},
  location = {Caen},
  address  = {Caen},
}

@InProceedings{atanassova2016Leiden,
  author       = {Atanassova, Iana},
  title        = {{Mining Scientific Papers: Structure, Citations, Semantics}},
  booktitle    = {Seminaire},
  year         = {2016},
  date         = {2016-10-14},
  organization = {Centre for Science and Technology Studies (CWTS)},
  address      = {Leiden, Pays Bas},
  annotation   = {cat-seminaire},
}

@InProceedings{atanassova2017wlv,
  author       = {Atanassova, Iana},
  title        = {{What can we learn by processing scientific papers? Looking for the invariants of scientific writing}},
  booktitle    = {Seminaire},
  year         = {2017},
  date         = {2017-02-20},
  organization = {Research Group in Computational Linguistics (RGCL), Université de Woverhampton},
  address      = {Royaume Uni},
  annotation   = {cat-seminaire},
}

@InProceedings{atanassova2016openminted,
  author     = {Atanassova, Iana},
  title      = {TDM Stories: The Structure of Papers},
  booktitle  = {OpenMinTed Communications},
  year       = {2016},
  url        = {https://www.youtube.com/watch?v=Gn4_ZgBBgwg&list=PLJUx52iHEnRJtt6i9OSE41JYledLaPBJ1},
  annotation = {cat-vulg},
}

@InProceedings{Domenget2020,
  author     = {Domenget, Jean-Claude and Sagot, Sylvain and Atanassova, Iana},
  title      = {{Concevoir un dispositif innovant pour professionnaliser la formation au référencement web~: le projet SEO-ELP}},
  booktitle  = {Congrès ACFAS},
  year       = {2020},
  address    = {Sherbrooke, Canada},
  annotation = {cat-sansActes},
}

@Article{jdmdh:9614,
  author   = {Nicolas Gutehrlé and Iana Atanassova},
  title    = {{Processing the structure of documents: Logical Layout Analysis of historical newspapers in French}},
  journal  = {{Journal of Data Mining \& Digital Humanities}},
  year     = {2022},
  volume   = {{NLP4DH}},
  month    = mai,
  doi      = {10.46298/jdmdh.9093},
  url      = {https://jdmdh.episciences.org/9614},
  keywords = {Computer Science - Computation and Language},
}

@InProceedings{Atanassova2022cpdp,
  author     = {Iana Atanassova and Thierry Bregnard and Walid El Abed and Hitoshi Isahara and Cardey, Sylviane},
  title      = {Personal Data in Texts: Detection, Annotation and Governance},
  booktitle  = {Panel in Computers, Privacy and Data Protection (CPDP) Conference},
  year       = {2022},
  venue      = {Brussels, Belgium},
  url        = {https://www.cpdpconferences.org/cpdp-panels/personal-data-in-texts-detection-annotation-and-governance},
  annotation = {cat-sansActes},
}

@InProceedings{Abed2022,
  author    = {El Abed, Walid and Hélène Madinier and Sylviane Cardey and Thierry Bregnard and Iana Atanassova},
  title     = {Semantically-Driven Knowledge Modelling for the Business Ecosystem},
  booktitle = {International Forum on Knowledge Asset Dynamics - IFKAD, Managing Knowledge for Sustainability},
  year      = {2022},
  venue     = {Lugano, Switzerlard},
}

@Article{Guisse2022,
  author       = {Abdoulaye Guisse and Iana Atanassova},
  title        = {{Noyau Informatique CripTex pour le Traitement de Données Personelles dans les Textes}},
  journal      = {BULAG},
  journaltitle = {Bulletin de Linguistique Appliquée et Générale, Presses Universitaires de Franche-Comté PUFC},
  year         = {2022},
  editor       = {Sylviane Cardey and François-C Rey and Iana Atanassova},
  volume       = {40},
  pages        = {597--612},
  issn         = {0758 6787},
}

@InProceedings{Yahiaoui2022,
  author    = {Salah Yahiaoui and Iana Atanassova},
  title     = {{TimeInfo : a Semantic Annotation Framework for Temporal Information in Scientific Papers}},
  booktitle = {{Terminology \& Ontology: Th\'eories and applications (TOTh 2022)}},
  year      = {2022},
}

@InProceedings{Ningrum2023,
  author    = {Ningrum, Panggih Kusuma and Iana Atanassova},
  title     = {{Scientific Uncertainty: an Annotation Framework and Corpus Study in Different Disciplines}},
  booktitle = {19\textsuperscript{th} International Conference of the International Society for Scientometrics and Informetrics (ISSI 2023)},
  year      = {2023},
  month     = {7},
  address   = {Bloomington, Indiana, US},
}

@InProceedings{ningrum2023unscientify,
  title={UnScientify: Detecting Scientific Uncertainty in Scholarly},
  author={Ningrum, Panggih Kusuma and Mayr, Philipp and Atanassova, Iana},
  booktitle={Proceedings of Joint Workshop of the 4th Extraction and Evaluation of Knowledge Entities from Scientific Documents (EEKE2023) and the 3rd AI + Informetrics (AII2023)
co-located with the JCDL 2023},
address={Santa Fe, New Mexico, USA and Online},
month = {6},
  year={2023}
}

@dataset{potier_2023_10303742,
  author       = {Potier, Marine and
                  Atanassova, Iana},
  title        = {{Questions for Galops 1-7 horse riding theoretical 
                   exams and their textual answers with enumerations}},
  month        = dec,
  year         = 2023,
  publisher    = {Zenodo},
  doi          = {10.5281/zenodo.10303742},
  url          = {https://doi.org/10.5281/zenodo.10303742}
}

@dataset{salah_yahiaoui_2023_8364409,
  author       = {Salah Yahiaoui and
                  Iana Atanassova},
  title        = {{TimeTank: A Corpus of Sentences Annotated with 
                   TimeInfo for Temporal Data}},
  month        = sep,
  year         = 2023,
  publisher    = {Zenodo},
  version      = {1.0},
  doi          = {10.5281/zenodo.8364409},
  url          = {https://doi.org/10.5281/zenodo.8364409}
}

@dataset{ningrum_2023_8024787,
  author       = {Ningrum, Panggih Kusuma and
                  Atanassova, Iana},
  title        = {{Dataset for Multidisciplinary Uncertainty Mining - 
                   ver1}},
  month        = jun,
  year         = 2023,
  publisher    = {Zenodo},
  version      = 1,
  doi          = {10.5281/zenodo.8024787},
  url          = {https://doi.org/10.5281/zenodo.8024787}
}

@InProceedings{Dalgic2024,
  author    = {Emel Dalgic and Alexandre Lefort and Atanassova, Iana},
  title     = {Correction automatique de réponses textuelles : une approche basée sur des schémas conceptuels},
  booktitle = {Conf{\'e}rence internationale sur l'extraction et la gestion des connaissances (EGC 2024)},
  year      = {2024},
  date      = {2024-01-26},
  month     = {1},
  address   = {Dijon},
}

@InProceedings{atanassova2023cide,
  author    = {Nicolas Gutehrlé and Atanassova, Iana},
  title     = {{Comprendre les archives : vers de nouvelles interfaces de recherche reposant sur l'annotation sémantique des documents}},
  booktitle = {{CiDE.23 : 23ème édition du Colloque International sur le Document Electronique "Document et archivage : pratiques formelles et informelles dans les organisations"}},
  year      = {2023},
  address   = {Grenoble, France},
}

@InProceedings{Atanassova2024,
  author     = {Atanassova, Iana},
  title      = {Approches linguistiques pour la fouille d'articles scientifiques},
  booktitle  = {Atelier TextMine'24, Conf{\'e}rence internationale sur l'extraction et la gestion des connaissances (EGC 2024)},
  year       = {2024},
  month      = jan,
  address    = {Dijon, France},
  annotation = {cat-invite},
}

@Comment{jabref-meta: databaseType:biblatex;}
