% Encoding: UTF-8

@InProceedings{Atanassova2024,
  author     = {Atanassova, Iana},
  title      = {Approches linguistiques pour la fouille d'articles scientifiques},
  booktitle  = {Atelier TextMine'24, Conf{\'e}rence internationale sur l'extraction et la gestion des connaissances (EGC 2024)},
  year       = {2024},
  month      = jan,
  address    = {Dijon, France},
  annotation = {cat-invite},
}

@InProceedings{Atanassova2024a,
  author    = {Atanassova, Iana and Potier, Marine and Mathie, Maya and Bertin, Marc and Ningrum, Panggih Kusuma},
  booktitle = {{Joint Workshop of the 7th Financial Technology and Natural Language Processing and the 5th Knowledge Discovery from Unstructured Data in Financial Services, and the 4th Workshop on Economics and Natural Language Processing @ LREC-COLING-2024}},
  title     = {{CriticalMinds: Enhancing ML Models for ESG Impact Analysis Categorisation Using Linguistic Resources and Aspect-Based Sentiment Analysis}},
  editor    = {Association for Computational Linguistics},
  pages     = {248--253},
  series    = {Financial Technology and Natural Language Processing (FinNLP)},
  address   = {Torino, Italy},
  file      = {2024.finnlp-1.26.pdf:https\://hal.science/hal-04746055v1/file/2024.finnlp-1.26.pdf:PDF},
  keywords  = {ABSA ; ESG ; Impact level ; Impact length ; ESG taxonomy ; linguistic resources},
  month     = May,
  year      = {2024},
}

@InProceedings{Atanassova2024b,
  author    = {Iana Atanassova and Marc Bertin},
  booktitle = {{International Workshop on Bibliometric-enhanced Information Retrieval (BIR 2024) co-located with the 46\textsuperscript{st} European Conference on Information Retrieval (ECIR 2024)}},
  title     = {{Breaking Boundaries in Citation Parsing: A Comparative Study of Generative LLMs and Traditional Out-of-the-box Citation Parsers}},
  address   = {Glasgow, Scotland},
  year      = {2024},
}

@InProceedings{Bertin2024,
  author    = {Marc Bertin and Atanassova, Iana},
  title     = {Le multilinguisme dans les références bibliographiques : une étude de corpus},
  booktitle = {Conf{\'e}rence internationale sur l'extraction et la gestion des connaissances (EGC 2024)},
  year      = {2024},
  date      = {2024-01-24},
  month     = {1},
  address   = {Dijon},
}

@Article{Bertin2024a,
  author    = {Bertin, Marc and Atanassova, Iana},
  title     = {{Linguistic perspectives in deciphering citation function classification}},
  doi       = {10.1007/s11192-024-05082-4},
  hal_id    = {hal-04775540},
  journal   = {{Scientometrics}},
  month     = Jul,
  publisher = {{Springer Verlag}},
  year      = {2024},
}

@Dataset{Bertin2024b,
  author    = {Bertin, Marc and Atanassova, Iana},
  title     = {Synthetic Dataset of Citation Strings in 12 Styles},
  doi       = {10.5281/zenodo.10839503},
  url       = {https://doi.org/10.5281/zenodo.10839503},
  version   = {1.0.0},
  month     = mar,
  publisher = {Zenodo},
  year      = {2024},
}

@InProceedings{Dalgic2024,
  author    = {Emel Dalgic and Alexandre Lefort and Atanassova, Iana},
  title     = {Correction automatique de réponses textuelles : une approche basée sur des schémas conceptuels},
  booktitle = {Conf{\'e}rence internationale sur l'extraction et la gestion des connaissances (EGC 2024)},
  year      = {2024},
  date      = {2024-01-26},
  month     = {1},
  address   = {Dijon},
}

@Dataset{Gutehrle2024,
  author      = {Gutehrlé, Nicolas and Ningrum, Panggih Kusuma and Atanassova, Iana},
  title       = {{Annotated Dataset for Uncertainty Mining : Gold Standard}},
  doi         = {10.5281/zenodo.14134215},
  url         = {https://doi.org/10.5281/zenodo.14134215},
  bibtex_show = {1},
  month       = nov,
  publisher   = {Zenodo},
  year        = {2024},
}

@TechReport{Macavaney2024,
  author      = {Macavaney, Sean and Roegiest, Adam and Lipani, Aldo and Parry, Andrew and Engelmann, Bj{\"o}rn and Katharina, Christin and Meng, Chuan and Frayling, Erlend and Yang, Eugene and Schlatt, Ferdinand and Faggioli, Guglielmo and Scells, Harrisen and Atanassova, Iana and Friese, Jana and Bevendorff, Janek and Sanz-Cruzado, Javier and Trippas, Johanne and Pathak, Kanaad and Dhole, Kaustubh and Azzopardi, Leif and Fr{\"o}be, Maik and Bertin, Marc and Prasad, Nishchal and Zerhoudi, Saber and Wang, Shuai and Chatterjee, Shubham and Jaenich, Thomas and Kruschwitz, Udo and Wang, Xi and Long, Zijun},
  institution = {{ACM SIGIR Forum}},
  title       = {{Report on the Collab-a-thon at ECIR 2024}},
  pages       = {Vol. 58 No. 1},
  url         = {https://hal.science/hal-04746200},
  file        = {p10.pdf:https\://hal.science/hal-04746200v1/file/p10.pdf:PDF},
  month       = Mar,
  year        = {2024},
}

@InProceedings{Malaterre2024,
  author       = {Malaterre, Christophe and Atanassova, Iana and Lareau, Francis and Kusuma Ningrum, Panggih},
  booktitle    = {{Congress of the Canadian Society for the History and Philosophy of Science (CSHPS)}},
  title        = {{Navigating the Unknown: A Textual Analysis of Uncertainty in Astrobiology Research}},
  organization = {{Canadian Society for the History and Philosophy of Science (CSHPS)}},
  url          = {https://hal.science/hal-04780332},
  address      = {Montr{\'e}al (Qu{\'e}bec), Canada},
  annotation   = {cat-sansActes},
  year         = {2024},
}

@Article{Ningrum2024,
  author      = {Ningrum, Panggih Kusuma and Atanassova, Iana},
  title       = {{Annotation of scientific uncertainty using linguistic patterns}},
  doi         = {10.1007/s11192-024-05009-z},
  abstract    = {Scientific uncertainty is an integral part of the research process and inherent to the construction of new knowledge. In this paper, we investigate the ways in which uncertainty is expressed in articles and propose a new interdisciplinary annotation framework to categorize sentences containing uncertainty expressions along five dimensions. We propose a method for the automatic annotation of sentences based on linguistic patterns for identifying the expressions of scientific uncertainty that have been derived from a corpus study. We processed a corpus of 5956 articles from 22 journals in three different discipline groups, which were annotated using our automatic annotation method. We evaluate our annotation method and study the distribution of uncertainty expressions across the different journals and categories. The results show a predominant concentration of the distribution of the scientific uncertainty expressions in the Results and Discussion section (71.4%), followed by 12.5% of expressions in the Background section, and the largest proportion of uncertainty expressions, approximately 70.3%, are formed as author(s) statements. Our research contributes methodological advances and insights into the diverse manifestations of scientific uncertainty across disciplinary domains and provides a basis for ongoing exploration and refinement of the understanding of scientific uncertainty communication.},
  annotation  = {revue-com-lecture},
  bibtex_show = {1},
  journal     = {{Scientometrics}},
  keywords    = {Scientific uncertainty ; Semantic annotation ; Annotation framework ; Linguistic patterns},
  month       = May,
  preview     = {https://media.springernature.com/w88/springer-static/cover-hires/journal/11192?as=webp},
  publisher   = {{Springer Verlag}},
  selected    = {true},
  year        = {2024},
}

@InProceedings{Atanassova2023,
  author    = {Atanassova, Iana and Marc Bertin},
  title     = {{Multilinguism in References: a study of the ISTEX Dataset}},
  booktitle = {19\textsuperscript{th} International Conference of the International Society for Scientometrics and Informetrics (ISSI 2023)},
  year      = {2023},
  month     = {7},
  address   = {Bloomington, Indiana, US},
}


@InProceedings{Atanassova2023a,
  author       = {Atanassova, Iana},
  booktitle    = {{Networking and Training Workshop - CrECI Project}},
  title        = {{A journey into Scientific Uncertainty: Building a Project of Excellence in the HSS}},
  organization = {{Universit{\'e} de Franche-Comt{\'e}}},
  address      = {Besan{\c c}on, France},
  annotation   = {cat-seminaire},
  year         = {2023},
}

@InProceedings{Bertin2023,
  author    = {Bertin, Marc and Atanassova, Iana},
  title     = {Contextual Analysis of Citations in Context Using Rule-Based Approaches. Best Soups are Made in Old Pots},
  booktitle = {19\textsuperscript{th} International Conference of the International Society for Scientometrics and Informetrics (ISSI 2023)},
  year      = {2023},
  month     = {7},
  address   = {Bloomington, Indiana, US},
}

@InProceedings{Bertin2023a,
  author    = {Bertin, Marc and Atanassova, Iana},
  title     = {{Citing Foreign Language Sources: an Analysis of the S2ORC Dataset}},
  booktitle = {{10\textsuperscript{th} International Workshop on Bibliometric-enhanced Information Retrieval (BIR 2023) co-located with the European Conference on Information Retrieval (ECIR 2023)}},
  year      = {2023},
  address   = {Dublin, Ireland},
}

@InProceedings{Gutehrle2023,
  author    = {Nicolas Gutehrlé and Atanassova, Iana},
  booktitle = {{CiDE.23 : 23ème édition du Colloque International sur le Document Electronique "Document et archivage : pratiques formelles et informelles dans les organisations"}},
  title     = {{Comprendre les archives : vers de nouvelles interfaces de recherche reposant sur l'annotation sémantique des documents}},
  address   = {Grenoble, France},
  year      = {2023},
}

@InProceedings{Ningrum2023,
  author    = {Ningrum, Panggih Kusuma and Iana Atanassova},
  title     = {{Scientific Uncertainty: an Annotation Framework and Corpus Study in Different Disciplines}},
  booktitle = {19\textsuperscript{th} International Conference of the International Society for Scientometrics and Informetrics (ISSI 2023)},
  year      = {2023},
  month     = {7},
  address   = {Bloomington, Indiana, US},
}

@InProceedings{Ningrum2023a,
  author    = {Ningrum, Panggih Kusuma and Mayr, Philipp and Atanassova, Iana},
  booktitle = {Proceedings of Joint Workshop of the 4th Extraction and Evaluation of Knowledge Entities from Scientific Documents (EEKE2023) and the 3rd AI + Informetrics (AII2023) co-located with the JCDL 2023},
  title     = {UnScientify: Detecting Scientific Uncertainty in Scholarly},
  address   = {Santa Fe, New Mexico, USA and Online},
  month     = {6},
  year      = {2023},
}

@Dataset{Ningrum2023b,
  author    = {Ningrum, Panggih Kusuma and Atanassova, Iana},
  title     = {{Dataset for Multidisciplinary Uncertainty Mining - ver1}},
  doi       = {10.5281/zenodo.8024787},
  url       = {https://doi.org/10.5281/zenodo.8024787},
  version   = {1},
  month     = jun,
  publisher = {Zenodo},
  year      = {2023},
}

@Dataset{Potier2023,
  author    = {Potier, Marine and Atanassova, Iana},
  title     = {{Questions for Galops 1-7 horse riding theoretical exams and their textual answers with enumerations}},
  doi       = {10.5281/zenodo.10303742},
  url       = {https://doi.org/10.5281/zenodo.10303742},
  month     = dec,
  publisher = {Zenodo},
  year      = {2023},
}

@Dataset{Yahiaoui2023,
  author    = {Salah Yahiaoui and Iana Atanassova},
  title     = {{TimeTank: A Corpus of Sentences Annotated with TimeInfo for Temporal Data}},
  doi       = {10.5281/zenodo.8364409},
  url       = {https://doi.org/10.5281/zenodo.8364409},
  version   = {1.0},
  month     = sep,
  publisher = {Zenodo},
  year      = {2023},
}

@InProceedings{Atanassova2022,
  author     = {Iana Atanassova and Thierry Bregnard and Walid El Abed and Hitoshi Isahara and Cardey, Sylviane},
  booktitle  = {Panel in Computers, Privacy and Data Protection (CPDP) Conference},
  title      = {Personal Data in Texts: Detection, Annotation and Governance},
  url        = {https://www.cpdpconferences.org/cpdp-panels/personal-data-in-texts-detection-annotation-and-governance},
  venue      = {Brussels, Belgium},
  annotation = {cat-sansActes},
  year       = {2022},
}

@Article{Atanassova2022a,
  author   = {Atanassova, Iana and Bertin, Marc and Mayr, Philipp},
  title    = {Editorial: Mining Scientific Papers, Volume II: Knowledge Discovery and Data Exploitation},
  doi      = {10.3389/frma.2022.911070},
  editor   = {Chaomei Chen},
  issn     = {2504-0537},
  url      = {https://www.frontiersin.org/articles/10.3389/frma.2022.911070},
  volume   = {7},
  journal  = {Frontiers in Research Metrics and Analytics},
  keywords = {Data mining ; Text Mining ; Semantic publishing ; Scientific papers ; Bibliometrics ; Scientometrics ; Natural Language Processing ; Computational Linguistics ; Citation Content Analysis ; Academic Search},
  year     = {2022},
}

@InCollection{Atanassova2022b,
  booktitle = {Frontiers in Research Metrics and Analytics},
  title     = {Mining Scientific Papers Volume II: Knowledge Discovery and Data Exploitation},
  editor    = {Atanassova, Iana and Bertin, Marc and Mayr, Philipp},
  url       = {https://www.frontiersin.org/research-topics/13388/mining-scientific-papers-volume-ii-knowledge-discovery-and-data-exploitation},
  year      = {2022},
}

@Article{Bertin2022,
  author   = {Bertin, Marc and Atanassova, Iana},
  title    = {{Preprint Citation Pratice in PLOS}},
  doi      = {10.1007/s11192-022-04388-5},
  number   = {12},
  pages    = {6895--6912},
  url      = {https://www.ncbi.nlm.nih.gov/pmc/articles/PMC9186004/},
  volume   = {127},
  journal  = {Scientometrics},
  keywords = {Preprint ; Citation contexts ; Bibliometrics ; IMRaD},
  year     = {2022},
}

@InCollection{CardeyGreenfield2022,
  author    = {Cardey-Greenfield, Sylviane and Rey, Fran{\c c}ois-Claude and Atanassova, Iana},
  booktitle = {BULAG - Bulletin de linguistique appliquée et générale},
  title     = {{Languages Analysis, Comparison and Generation - Systems, Models and Applications}},
  number    = {40},
  publisher = {{Presses Universitaires de Franche-Comt{\'e}}},
  issn      = {0758-6787},
  year      = {2022},
}

@InProceedings{ElAbed2022,
  author    = {El Abed, Walid and Hélène Madinier and Sylviane Cardey and Thierry Bregnard and Iana Atanassova},
  booktitle = {International Forum on Knowledge Asset Dynamics - IFKAD, Managing Knowledge for Sustainability},
  title     = {Semantically-Driven Knowledge Modelling for the Business Ecosystem},
  venue     = {Lugano, Switzerlard},
  year      = {2022},
}

@Article{Guisse2022,
  author       = {Abdoulaye Guisse and Iana Atanassova},
  title        = {{Noyau Informatique CripTex pour le Traitement de Données Personelles dans les Textes}},
  journal      = {BULAG},
  journaltitle = {Bulletin de Linguistique Appliquée et Générale, Presses Universitaires de Franche-Comté PUFC},
  year         = {2022},
  editor       = {Sylviane Cardey and François-C Rey and Iana Atanassova},
  volume       = {40},
  pages        = {597--612},
  issn         = {0758 6787},
}

@Article{Gutehrle2022,
  author   = {Nicolas Gutehrlé and Iana Atanassova},
  title    = {{Processing the structure of documents: Logical Layout Analysis of historical newspapers in French}},
  doi      = {10.46298/jdmdh.9093},
  url      = {https://jdmdh.episciences.org/9614},
  volume   = {{NLP4DH}},
  journal  = {{Journal of Data Mining \& Digital Humanities}},
  keywords = {Computer Science - Computation and Language},
  month    = mai,
  year     = {2022},
}

@InProceedings{Yahiaoui2022,
  author    = {Salah Yahiaoui and Iana Atanassova},
  title     = {{TimeInfo : a Semantic Annotation Framework for Temporal Information in Scientific Papers}},
  booktitle = {{Terminology \& Ontology: Th\'eories and applications (TOTh 2022)}},
  year      = {2022},
}

@Misc{Atanassova2021,
  author       = {Atanassova, Iana and Rey, Fran{\c c}ois-C.},
  title        = {{Categorising Scientific Uncertainty in Papers}},
  note         = {Poster},
  organization = {{SciNLP 2021 at Virtual conference hosted at Automated Knowledge Base Construction (ABKC) 2021}},
  annotation   = {cat-sansActes},
  keywords     = {Epistemic uncertainty ; Incertitude Epist{\'e}mique ; Incertidumbre epistemol{\'o}gica ; Incertidumbre epist{\'e}mica},
  pages        = {https://scinlp.org},
  year         = {2021},
}

@InProceedings{Atanassova2021a,
  author    = {Atanassova, Iana and Cardey-Greenfield, Sylviane and Madinier, H{\'e}l{\`e}ne and El Abed, Walid},
  booktitle = {{CiDE.22 : 22{\'e}me {\'e}dition du Colloque International sur le Document Electronique Donn{\'e}es Documents Connaissances : Perspectives de recherche et d'enseignement}},
  title     = {{Identification et gestion des donn{\'e}es personnelles dans les textes}},
  address   = {Paris, France},
  year      = {2021},
}

@InProceedings{Bertin2021,
  author    = {Bertin, Marc and Atanassova, Iana},
  title     = {{The Place of Preprint Citations in the IMRaD Structure: a Study of PLOS Journals}},
  booktitle = {18\textsuperscript{th} International Conference of the International Society for Scientometrics and Informetrics (ISSI 2021)},
  year      = {2021},
  address   = {Leuven, Belgium},
}

@InProceedings{Bertin2021a,
  author    = {Bertin, Marc and Atanassova, Iana},
  booktitle = {{CiDE.22 : 22{\'e}me {\'e}dition du Colloque International sur le Document Electronique Donn{\'e}es Documents Connaissances : Perspectives de recherche et d'enseignement}},
  title     = {{Enjeux de l'{\'e}tude des contextes citationnels dans le cadre des {\'e}tudes bibliom{\'e}triques : contextes de citation et blocs citationnels}},
  address   = {Paris, France},
  year      = {2021},
}


@InProceedings{Gutehrle2021,
  author    = {Gutehrl{\'e}, Nicolas and Atanassova, Iana},
  booktitle = {{Workshop on Natural Language Processing for Digital Humanities (NLP4DH) co-located with ICON 2021}},
  title     = {{Logical Layout Analysis Applied to Historical Newspapers}},
  file      = {9_Paper-2.pdf:https\://hal.archives-ouvertes.fr/hal-03468972/file/9_Paper-2.pdf:PDF},
  month     = Dec,
  year      = {2021},
}

@Dataset{Gutehrle2021a,
  author    = {Gutehrl{\'e}, Nicolas and Atanassova, Iana},
  title     = {{Dataset for Logical-layout analysis on French historical newspapers}},
  doi       = {10.5281/zenodo.5752440},
  url       = {https://doi.org/10.5281/zenodo.5752440},
  version   = {1.0},
  month     = oct,
  publisher = {Zenodo},
  year      = {2021},
}

@Article{Kauffmann2021,
  author      = {Kauffmann, Alexis and Rey, Fran{\c c}ois-Claude and Atanassova, Iana and Gaudinat, Arnaud and Greenfield, Peter and Madinier, H{\'e}l{\`e}ne and Cardey, Sylviane},
  title       = {{Indirectly Named Entity Recognition}},
  doi         = {10.4995/JCLR.2021.15922},
  number      = {1},
  pages       = {27-46},
  url         = {https://polipapers.upv.es/index.php/jclr/article/view/15922},
  volume      = {5},
  abstract    = {...},
  bibtex_show = {1},
  journal     = {{Journal of Computer-Assisted Linguistic Research (JCLR)}},
  keywords    = {named entities ; indirectly named entities ; information extraction ; named entity recognition ; multiword expressions ; text processing ; text mining},
  publisher   = {{Universitat Polit{\`e}cnica de Val{\`e}ncia}},
  year        = {2021},
}

@InProceedings{LeBechec2021,
  author    = {Le B{\'e}chec, Mariannig and Atanassova, Iana},
  booktitle = {{Colloque DHNord2021 : Publier, partager, réutiliser les données de la recherche : les data papers et leurs enjeux}},
  title     = {{Data Papers et diss{\'e}mination des donn{\'e}es de la recherche : quelles pratiques en SHS ?}},
  address   = {France},
  month     = {11},
  year      = {2021},
}

@InProceedings{Domenget2020,
  author     = {Domenget, Jean-Claude and Sagot, Sylvain and Atanassova, Iana},
  title      = {{Concevoir un dispositif innovant pour professionnaliser la formation au référencement web~: le projet SEO-ELP}},
  booktitle  = {Congrès ACFAS},
  year       = {2020},
  address    = {Sherbrooke, Canada},
  annotation = {cat-sansActes},
}

@InProceedings{Atanassova2019,
  author     = {Atanassova, Iana},
  booktitle  = {8\textsuperscript{th} International Workshop on Bibliometric-enhanced Information Retrieval (BIR 2019) co-located with 41\textsuperscript{st} European Conference on Information Retrieval (ECIR 2019)},
  title      = {Beyond Metadata: the New Challenges in Mining Scientific Papers (Keynote talk)},
  address    = {Cologne, Germany},
  annotation = {cat-invite},
  month      = apr,
  year       = {2019},
}

@InProceedings{Atanassova2019a,
  author    = {Atanassova, Iana and Gan Jin and Ibrahim Soumana and Peter Greenfield and Cardey-Greenfield, Sylviane},
  booktitle = {The Eleventh International Conference on Creative Content Technologies (CONTENT 2019)},
  title     = {{Semantically-driven Competitive Intelligence Information Extraction: linguistic model and application}},
  address   = {Venice, Italy},
  year      = {2019},
}

@Article{Atanassova2019b,
  author   = {Atanassova, Iana and Bertin, Marc and Mayr, Philipp},
  date     = {2019-04-30},
  title    = {Editorial: Mining Scientific Papers: NLP-enhanced Bibliometrics},
  doi      = {10.3389/frma.2019.00002},
  editor   = {Chaomei Chen},
  issn     = {2504-0537},
  pages    = {2},
  volume   = {4},
  journal  = {Frontiers in Research Metrics and Analytics},
  keywords = {Data mining ; Text Mining ; Semantic publishing ; Scientific papers ; Bibliometrics ; Scientometrics ; Natural Language Processing ; Computational Linguistics ; Citation Content Analysis ; Academic Search},
  year     = {2019},
}

@InCollection{Atanassova2019c,
  booktitle = {Frontiers in Research Metrics and Analytics},
  date      = {2019-04-30},
  title     = {Mining Scientific Papers: NLP-enhanced Bibliometrics},
  doi       = {10.3389/frma.2019.00002},
  editor    = {Atanassova, Iana and Bertin, Marc and Mayr, Philipp},
  issn      = {2504-0537},
  year      = {2019},
}

@Article{Atanassova2019d,
  author     = {Atanassova, Iana and Bertin, Marc and Le Béchec, Mariannig},
  title      = {Sécuriser le traitement des traces numériques dans le cadre du Règlement général sur la protection des données (RGPD) : anonymisation et pseudonymisation},
  issn       = {2428-2111},
  pages      = {55--58},
  annotation = {cat-sansCL},
  journal    = {I2D – Information, données \& documents},
  year       = {2019},
}

@InProceedings{Bertin2019,
  author      = {Bertin, Marc and Jonin, Pierre and Armetta, Frederic and Atanassova, Iana},
  booktitle   = {17\textsuperscript{th} International Conference of the International Society for Scientometrics and Informetrics (ISSI 2019)},
  title       = {Determining Citation Blocks using End-to-end Neural Coreference Resolution Model},
  address     = {Rome, Italie},
  hal_id      = {hal-01953961},
  hal_version = {v1},
  month       = {9},
  year        = {2019},
}

@InProceedings{Bertin2019a,
  author    = {Bertin, Marc and Jonin, Pierre and Armetta, Fr{\'e}d{\'e}ric and Atanassova, Iana},
  booktitle = {{4\textsuperscript{th} Joint Workshop on Bibliometric-enhanced Information Retrieval and Natural Language Processing for Digital Libraries (BIRNDL 2019) at the 42\textsuperscript{nd} International ACM SIGIR Conference)}},
  title     = {{Identifying the Conceptual Space of Citation Contexts using Coreferences}},
  editor    = {Muthu Kumar Chandrasekaran and Mayr, Philipp},
  pages     = {138--144},
  volume    = {Vol-2414},
  address   = {Paris, France},
  keywords  = {Deep learning ; Citation contexts ; Coreference Resolution},
  month     = {7},
  year      = {2019},
}

@InProceedings{Morsi2019,
  author    = {Morsi, Youcef Ihab and Atanassova, Iana},
  title     = {{Analyse morphosyntaxique de l'arabe par une approche linguistique}},
  booktitle = {{Terminology \& Ontology: Th\'eories and applications (TOTh 2019)}},
  year      = {2019},
  month     = Jun,
  address   = {Chamb{\'e}ry, France},
}

@InProceedings{PerierCamby2019,
  author    = {Perier-Camby, Julien and Bertin, Marc and Atanassova, Iana and Armetta, Fr{\'e}d{\'e}ric},
  booktitle = {{8\textsuperscript{th} International Workshop on Bibliometric-enhanced Information Retrieval (BIR 2019) co-located with the 41\textsuperscript{st} European Conference on Information Retrieval (ECIR 2019)}},
  title     = {{A preliminary study to compare deep learning with rule-based approaches for citation classification}},
  pages     = {125--131},
  volume    = {2345},
  address   = {Cologne, Germany},
  month     = {4},
  year      = {2019},
}


@InProceedings{Atanassova2018,
  author       = {Atanassova, Iana},
  booktitle    = {{Eur{\^e}ka ! Le r{\'e}cit savant de d{\'e}couverte et/ou d'invention}},
  title        = {{De l'intuition scientifique au moment de l'illumination : {\'e}tude de "Th{\'e}or{\`e}me vivant'' par C{\'e}dric Villani}},
  organization = {{Universit{\'e} de Franche-Comt{\'e} and Centre de Recherches Interdisciplinaires et Transculturelles C.R.I.T. (EA 3224)}},
  address      = {Besan{\c c}on, France},
  annotation   = {cat-sansActes},
  month        = Nov,
  year         = {2018},
}

@InProceedings{Atanassova2018a,
  author    = {Atanassova, Iana and Rey, Fran{\c c}ois-C. and Bertin, Marc},
  booktitle = {{7\textsuperscript{th} International Workshop on Mining Scientific Publications (WOSP 2018) at 11\textsuperscript{th} edition of the Language Resources and Evaluation Conference (LREC 2018)}},
  title     = {{Studying Uncertainty in Science: a distributional analysis through the IMRaD structure}},
  address   = {Miyazaki, Japan},
  month     = {5},
  year      = {2018},
}

@Dataset{Bertin2018,
  author    = {Bertin, Marc and Atanassova, Iana},
  title     = {{InTeReC: In-text Reference Corpus - Single References Dataset (Version 1.0.0) [Data set]}},
  doi       = {10.5281/zenodo.1203737},
  booktitle = {{Zenodo}},
  year      = {2018},
}

@InProceedings{Bertin2018a,
  author    = {Bertin, Marc and Atanassova, Iana},
  booktitle = {{7\textsuperscript{th} International Workshop on Bibliometric-enhanced Information Retrieval (BIR 2018) in conjunction with the 40\textsuperscript{th} European Conference on Information Retrieval (ECIR 2018)}},
  title     = {{InTeReC: In-text Reference Corpus for Applying Natural Language Processing to Bibliometrics}},
  address   = {Grenoble, France},
  month     = {3},
  year      = {2018},
}

@InProceedings{Bertin2018b,
  author      = {Bertin, Marc and Atanassova, Iana},
  booktitle   = {{1\textsuperscript{st} International Conference on Digital Tools \& Uses Congress}},
  title       = {{Recommending Scientific Papers: The Role of Citation Contexts}},
  doi         = {10.1145/3240117.3240123},
  pages       = {1--4},
  publisher   = {{ACM}},
  address     = {Paris, France},
  hal_id      = {hal-01950952},
  hal_version = {v1},
  keywords    = {Information Retrieval ; Natural Language Processing ; Recommender Systems ; Scientific Papers ; Citation Context Analysis ; Bibliometrics},
  month       = {10},
  year        = {2018},
}

@InProceedings{Rey2018,
  author      = {Rey, Fran{\c c}ois-C. and Bertin, Marc and Atanassova, Iana},
  booktitle   = {{Terminology \& Ontology: Theories and applications (TOTh 2018)}},
  title       = {{Une {\'e}tude de l'incertitude dans les textes scientifiques : vers la construction d'une ontologie}},
  address     = {Chamb{\'e}ry, France},
  hal_id      = {hal-01755245},
  hal_version = {v1},
  month       = {6},
  year        = {2018},
}

@InProceedings{Atanassova2017,
  author       = {Atanassova, Iana and Hatira, In{\'e}s and El Cadi, Cam{\'e}lia and Cardey-Greenfield, Sylviane},
  booktitle    = {{FUTURMOB-17: Pr{\'e}parer la transition vers la mobilit{\'e} autonome}},
  title        = {{Cr{\'e}ation d'une langue contr{\^o}l{\'e}e pour les messages en fran{\c c}ais et en anglais {\`a} destination des pi{\'e}tons pour la mobilit{\'e} urbaine}},
  organization = {{Universit{\'e} Bourgogne Franche-Comt{\'e} and Universit{\'e} de Technologie de Belfort Montb{\'e}liard}},
  address      = {Montb{\'e}liard, France},
  annotation   = {cat-national},
  hal_id       = {hal-01956811},
  hal_version  = {v1},
  month        = Sep,
  year         = {2017},
}

@Proceedings{Atanassova2017a,
  title        = {{INFuture2017 - Integrating ICT in Society}},
  editor       = {Atanassova, Iana and Wajdi Zaghouani and Bruno Kragi{\'c} and Kuldar Aas and Hrvoje Stan{\v c}i{\'c} and Sanja Seljan},
  note         = {ISSN: 1847-8220},
  organization = {{Department of Information and Communication Sciences, Faculty of Humanities and Social Sciences, University of Zagreb and The Miroslav Krle{\v z}a Institute of Lexicography}},
  address      = {Zagreb, Croatia},
  author       = {Atanassova, Iana and Zaghouani, Wajdi and Kragi{\'c}, Bruno and Aas, Kuldar and Stan{\v c}i{\'c}, Hrvoje and Seljan, Sanja},
  booktitle    = {{6\textsuperscript{th}International Conference The Future of Information Sciences (INFuture)}},
  hal_id       = {hal-01956808},
  hal_version  = {v1},
  month        = Nov,
  year         = {2017},
}

@InProceedings{Atanassova2017b,
  author       = {Atanassova, Iana},
  booktitle    = {{6\textsuperscript{th} International Conference The Future of Information Sciences (INFuture) - Integrating ICT in Society}},
  title        = {{Information retrieval and semantic annotation of scientific corpora (Keynote speech)}},
  organization = {{Department of Information and Communication Sciences Faculty of Humanities and Social Sciences, University of Zagreb and The Miroslav Krle{\v z}a Institute of Lexicography}},
  address      = {Zagreb, Croatia},
  annotation   = {cat-invite},
  hal_id       = {hal-01956810},
  hal_version  = {v1},
  month        = Nov,
  year         = {2017},
}

@InProceedings{Atanassova2017c,
  author       = {Atanassova, Iana},
  booktitle    = {Seminaire},
  date         = {2017-02-20},
  title        = {{What can we learn by processing scientific papers? Looking for the invariants of scientific writing}},
  organization = {Research Group in Computational Linguistics (RGCL), Université de Woverhampton},
  address      = {Royaume Uni},
  annotation   = {cat-seminaire},
  year         = {2017},
}

@InProceedings{Atanassova2017d,
  author    = {Atanassova, Iana and Bertin, Marc and Mayr, Philipp},
  booktitle = {{Second Workshop on Mining Scientific Papers: Computational Linguistics and Bibliometrics co-located with 16\textsuperscript{th} International Conference of the International Society for Scientometrics and Informetrics (ISSI 2017)}},
  title     = {{Editorial for the Second Workshop on Mining Scientific Papers: Computational Linguistics and Bibliometrics (CLBib 2017)}},
  address   = {Wuhan, China},
  month     = {10},
  year      = {2017},
}

@Proceedings{Atanassova2017e,
  title       = {{Second Workshop on Mining Scientific Papers: Computational Linguistics and Bibliometrics (CLBib 2017)}},
  editor      = {Atanassova, Iana and Bertin, Marc and Mayr, Philipp},
  note        = {ISSN: 1613-0073},
  pages       = {1--48},
  volume      = {2004},
  address     = {Wuhan, China},
  author      = {Atanassova, Iana and Bertin, Marc and Mayr, Philipp},
  booktitle   = {{Second Workshop on Mining Scientific Papers: Computational Linguistics and Bibliometrics co-located with 16\textsuperscript{th} International Conference of the International Society for Scientometrics and Informetrics (ISSI 2017)}},
  hal_id      = {hal-01885343},
  hal_version = {v1},
  month       = {10},
  year        = {2017},
}

@InProceedings{Bertin2017,
  author    = {Bertin, Marc and Atanassova, Iana},
  booktitle = {{Proceedings of the 2\textsuperscript{nd} Joint Workshop on Bibliometric-enhanced Information Retrieval and Natural Language Processing for Digital Libraries (BIRNDL 2017) co-located with the 40\textsuperscript{th} International ACM SIGIR Conference}},
  title     = {{K-means and Hierarchical Clustering Method to Improve our Understanding of Citation Contexts}},
  pages     = {107--112},
  volume    = {1888},
  address   = {Tokyo, Japan},
  keywords  = {In-text References ; Bibliometrics ; Citation Analysis ; IM- RaD Structure ; Text Mining ; K-means ; hierarchical clustering},
  month     = {8},
  year      = {2017},
}

@Article{Bertin2017a,
  author   = {Bertin, Marc and Atanassova, Iana},
  title    = {The context of multiple in-text references and their signification},
  doi      = {10.1007/s00799-017-0225-7},
  issn     = {1432-1300},
  abstract = {In this paper, we consider sentences that contain multiple in-text references (MIR) and their position in the rhetorical structure of articles. We carry out the analysis of MIR in a large-scale dataset of about 80,000 research articles published by the Public Library of Science in 7 journals. We analyze two major characteristics of MIR: their positions in the IMRaD structure of articles and the number of in-text references that make up a MIR in the different journals. We show that MIR are rather frequent in all sections of the rhetorical structure. In the Introduction section, sentences containing MIR account for more than half of the sentences with references. We examine the syntactic patterns that are most used in the contexts of both multiple and single in-text references and show that they are composed, for the most part, of noun groups. We point out the specificity of the Methods section in this respect.},
  day      = {21},
  journal  = {International Journal on Digital Libraries},
  month    = {7},
  year     = {2017},
}

@InProceedings{Guterhle2017,
  author       = {Guterhl{\'e}, Nicolas and Atanassova, Iana and Cardey-Greenfield, Sylviane},
  booktitle    = {{FUTURMOB-17: Pr{\'e}parer la transition vers la mobilit{\'e} autonome}},
  title        = {{Langue contr{\^o}l{\'e}e pour un syst{\`e}me de messages et alertes dans un environnement de mobilit{\'e} : gestion de l'ambigu{\"i}t{\'e} phonologique}},
  organization = {{Universit{\'e} Bourgogne Franche-Comt{\'e} and Universit{\'e} de Technologie de Belfort Montb{\'e}liard}},
  address      = {Montb{\'e}liard, France},
  annotation   = {cat-national},
  hal_id       = {hal-01956816},
  hal_version  = {v1},
  month        = Sep,
  year         = {2017},
}

@InProceedings{Jin2017,
  author       = {Jin, Gan and Atanassova, Iana and Soumana, Ibrahim and Cardey-Greenfield, Sylviane},
  booktitle    = {{Terminology \& Ontology : Th\'eories and applications (TOTh 2017)}},
  title        = {{Mod{\`e}le pour un syst{\`e}me multilingue d'analyse des opinons et de sentiment}},
  organization = {{University of Savoie}},
  address      = {Chamb{\'e}ry, France},
  hal_id       = {hal-01956803},
  hal_version  = {v1},
  month        = Jun,
  year         = {2017},
}

@InProceedings{Atanassova2016,
  author       = {Atanassova, Iana},
  booktitle    = {Seminaire},
  date         = {2016-10-14},
  title        = {{Mining Scientific Papers: Structure, Citations, Semantics}},
  organization = {Centre for Science and Technology Studies (CWTS)},
  address      = {Leiden, Pays Bas},
  annotation   = {cat-seminaire},
  year         = {2016},
}

@InProceedings{Atanassova2016a,
  author     = {Atanassova, Iana},
  booktitle  = {OpenMinTed Communications},
  title      = {TDM Stories: The Structure of Papers},
  url        = {https://www.youtube.com/watch?v=Gn4_ZgBBgwg&list=PLJUx52iHEnRJtt6i9OSE41JYledLaPBJ1},
  annotation = {cat-vulg},
  year       = {2016},
}

@InProceedings{Atanassova2016b,
  author    = {Atanassova, Iana and Bertin, Marc and Cardey, Sylviane and Greenfield, Peter},
  booktitle = {{The Tenth International Conference on Natural Language Processing (HrTAL 2016)}},
  title     = {{Interfacing the Domain of Global Security with Natural Language Processing: the Role of Language Modelling}},
  number    = {82},
  pages     = {249--252},
  series    = {Suvremena lingvistika},
  volume    = {42},
  address   = {Dubrovnik, Croatia},
  month     = {9},
  year      = {2016},
}

@Article{Atanassova2016c,
  author  = {Atanassova, Iana and Bertin, Marc and Larivière, Vincent},
  title   = {On the composition of scientific abstracts},
  doi     = {10.1108/JDOC-09-2015-0111},
  issn    = {0022-0418},
  number  = {4},
  pages   = {636--647},
  volume  = {72},
  journal = {Journal of Documentation},
  year    = {2016},
}

@Article{Atanassova2016d,
  author  = {Atanassova, Iana and Bertin, Marc},
  title   = {Temporal Properties of Recurring In-text References},
  doi     = {10.1045/september2016-atanassova},
  issn    = {1082-9873},
  number  = {22},
  volume  = {9/10},
  journal = {D-Lib Magazine},
  year    = {2016},
}

@InProceedings{Bertin2016,
  author    = {Bertin, Marc and Atanassova, Iana},
  booktitle = {{Workshop on Bibliometric-enhanced Information Retrieval and NLP for Digital Libraries (BIRNDL 2016) co-located with the Joint Conference on Digital Libraries (JCDL 2016)}},
  title     = {{Multiple In-text Reference Phenomenon}},
  number    = {2-3},
  pages     = {14--22},
  volume    = {19},
  address   = {Newark, NJ, United States},
  file      = {paper2.pdf:https\://hal.archives-ouvertes.fr/hal-01885074/file/paper2.pdf:PDF},
  keywords  = {Multiple In-text References ; Citation Analysis ; Bibliometrics ; Content Citation Analysis ; IMRaD structure ; In-text References},
  month     = {6},
  year      = {2016},
}

@Article{Bertin2016a,
  author   = {Bertin, Marc and Atanassova, Iana and Larivière, Vincent and Gingras, Yves},
  title    = {The Invariant Distribution of References in Scientific Articles},
  doi      = {10.1002/asi.23367},
  issn     = {2330-1643},
  number   = {1},
  pages    = {164-177},
  volume   = {67},
  abstract = {The organization of scientific papers typically follows a standardized pattern, the well-known IMRaD structure (Introduction, Methods, Results, and Discussion). Using the full text of 45,000 papers published in the PLoS series of journals as a case study, this paper investigates, from the viewpoint of bibliometrics, how references are distributed along the structure of scientific papers, as well as the age of these cited references. It shows that, once the sections of articles are realigned to follow the IMRaD sequence, the position of cited references along the text of articles is invariant across all PLoS journals, with the introduction and conclusion accounting for most of the references. It also provides evidence that the age of cited references varies quite a lot by section, with older references being found in the methods and more recent ones in the discussion. On the whole, these results provide insight into the different roles citations have in the scholarly communication process.},
  journal  = {Journal of the Association for Information Science and Technology (JASIST)},
  year     = {2016},
}

@Article{Bertin2016b,
  author  = {Bertin, Marc and Atanassova, Iana and Sugimoto, Cassidy R. and Lariviere, Vincent},
  title   = {The Linguistic Patterns and Rhetorical Structure of Citation Context: an approach using n-grams.},
  doi     = {10.1007/s11192-016-2134-8},
  issn    = {0138-9130},
  number  = {109},
  pages   = {1417--1434},
  volume  = {3},
  journal = {Scientometrics},
  year    = {2016},
}

@InProceedings{Bertin2016c,
  author      = {Bertin, Marc and Atanassova, Iana},
  booktitle   = {{Bibliometric-enhanced Information Retrieval (BIR 2016) co-located with the 38\textsuperscript{th} European Conference on Information Retrieval (ECIR 2016)}},
  title       = {{Weak Links and Strong Meaning: The Complex Phenomenon of Negational Citations}},
  editor      = {Mayr, Philipp and Ingo Frommholz and Guillaume Cabanac},
  pages       = {14--25},
  publisher   = {{CEUR Workshop Proceedings}},
  volume      = {Vol-1567},
  address     = {Padova, Italy},
  hal_id      = {hal-01953868},
  hal_version = {v1},
  keywords    = {Citation Context Analysis In-text References ; Bibliometrics ; Semantic Annotation ; IMRaD ; Negative Citations},
  month       = {3},
  year        = {2016},
}

@InProceedings{Morsi2016,
  author      = {Morsi, Youcef Ihab and Bordet, Yves and Atanassova, Iana},
  booktitle   = {{7\textsuperscript{e} Colloque International en Traductologie et TAL (TRADETAL 2016)}},
  title       = {{{\'E}tude lexicale de textes arabes pour l'{\'e}valuation automatique de la complexit{\'e} textuelle}},
  address     = {Oran, Algeria},
  hal_id      = {hal-01956613},
  hal_version = {v1},
  month       = {5},
  year        = {2016},
}

@InProceedings{Rey2016,
  author       = {Rey, Fran{\c c}ois-C. and Thomas, Izabella and Atanassova, Iana},
  booktitle    = {{Atelier Enseignement des langues et TAL (ELTAL)}},
  title        = {{G{\'e}n{\'e}ration d'exercices d'apprentissage de langue de sp{\'e}cialit{\'e} par l'exploration du corpus}},
  organization = {{Inalco}},
  series       = {Actes de la conf{\'e}rence conjointe JEP-TALN-RECITAL 2016},
  volume       = {9},
  address      = {Paris, France},
  hal_id       = {hal-01956806},
  hal_version  = {v1},
  month        = Jul,
  year         = {2016},
}

@InProceedings{Atanassova2015,
  author     = {Atanassova, Iana},
  booktitle  = {83\textsuperscript{e} congr\`es de l'ACFAS (Association francophone pour le savoir), "Une plateforme pour la recherche et l'exp\'erimentation"},
  title      = {Fouille textuelle de revues intellectuelles qu\'eb\'ecoises},
  address    = {Rimouski, Canada},
  annotation = {cat-sansActes},
  year       = {2015},
}

@InProceedings{Atanassova2015a,
  author      = {Atanassova, Iana and Warren, Jean-Philippe and Bertin, Marc},
  booktitle   = {{Colloque: Relire les revues qu{\'e}b{\'e}coises : histoires, formes et pratiques}},
  title       = {{Analyse logom{\'e}trique des revues qu{\'e}b{\'e}coises : traitements et visualisations}},
  address     = {Montr{\'e}al, Canada},
  annotation  = {cat-sansActes},
  hal_id      = {hal-01954585},
  hal_version = {v1},
  month       = {10},
  year        = {2015},
}

@InProceedings{Atanassova2015b,
  author      = {Atanassova, Iana and Bertin, Marc and Mayr, Philipp},
  booktitle   = {{First Workshop on Mining Scientific Papers: Computational Linguistics and Bibliometrics co-located with 15\textsuperscript{th} International Conference of the International Society for Scientometrics and Informetrics (ISSI 2015)}},
  title       = {{Editorial for the First Workshop on Mining Scientific Papers: Computational Linguistics and Bibliometrics (CLBib 2015)}},
  pages       = {1--4},
  volume      = {Vol-1384},
  address     = {Istanbul, Turkey},
  hal_id      = {hal-01953882},
  hal_version = {v1},
  month       = {6},
  year        = {2015},
}

@InProceedings{Atanassova2015c,
  author    = {Atanassova, Iana and Bertin, Marc and Kauppinen, Tomi},
  booktitle = {{Gestion et Analyse des donn{\'e}es Spatiales et Temporelles (GAST'2015), 15\textsuperscript{e} conf{\'e}rence internationale sur l'extraction et la gestion des connaissances (EGC 2015)}},
  title     = {{Exploitation de donn{\'e}es spatiales provenant d'articles scientifiques pour le suivi des maladies tropicales}},
  editor    = {Thomas Guyet and {\'E}ric Kergosien},
  pages     = {21--32},
  address   = {Luxembourg},
  keywords  = {Linked Data ; g{\'e}ocodage ; Natural Language Processing ; Spatio-temporal Management and Analysis ; Gestion et Analyse Spatio-temporelles ; Traitement Automatique du Langage Naturel ; PLOS ; geocoding ; Web des donn{\'e}es},
  month     = {1},
  year      = {2015},
}

@Proceedings{Atanassova2015d,
  title       = {{First Workshop on Mining Scientific Papers: Computational Linguistics and Bibliometrics (CLBib 2015)}},
  editor      = {Atanassova, Iana and Bertin, Marc and Mayr, Philipp},
  note        = {ISSN: 1613-0073},
  pages       = {1--49},
  volume      = {1384},
  address     = {Istanbul, Turkey},
  author      = {Atanassova, Iana and Bertin, Marc and Mayr, Philipp},
  booktitle   = {{First Workshop on Mining Scientific Papers: Computational Linguistics and Bibliometrics co-located with 15\textsuperscript{th} International Conference of the International Society for Scientometrics and Informetrics (ISSI 2015)}},
  hal_id      = {hal-01953882},
  hal_version = {v1},
  month       = {6},
  year        = {2015},
}

@InProceedings{Atanassova2015e,
  author      = {Atanassova, Iana and Bertin, Marc and Mayr, Philipp},
  booktitle   = {{15\textsuperscript{th} International Society of Scientometrics and Informetrics Conference (ISSI 2015)}},
  title       = {{Mining Scientific Papers for Bibliometrics: a (very) Brief Survey of Methods and Tools}},
  address     = {Istanbul, Turkey},
  hal_id      = {hal-01940828},
  hal_version = {v1},
  month       = {6},
  year        = {2015},
}

@Article{Bertin2015,
  author  = {Bertin, Marc and Atanassova, Iana and Larivière, Vincent and Gingras, Yves},
  title   = {Cartographie linguistique des références citées},
  journal = {Découvrir, le magazine de l'Association Francophone pour le savoir (ACFAS)},
  year    = {2015},
}

@InProceedings{Bertin2015a,
  author      = {Bertin, Marc and Atanassova, Iana},
  booktitle   = {{15\textsuperscript{th} International Conference of the International Society for Scientometrics and Informetrics (ISSI 2015)}},
  title       = {{Characterizing In-text Citations using N-gram Distributions}},
  editor      = {Albert Ali Salah et al.},
  address     = {Istanbul, Turkey},
  hal_id      = {hal-01953961},
  hal_version = {v1},
  month       = {6},
  year        = {2015},
}

@InProceedings{Bertin2015b,
  author      = {Bertin, Marc and Atanassova, Iana},
  booktitle   = {{Conference: 2\textsuperscript{nd} International Workshop on Bibliometric-enhanced Information Retrieval (BIR 2015) at the 37\textsuperscript{th} European Conference on Information Retrieval (ECIR 2015)}},
  title       = {{Factorial correspondence analysis applied to citation contexts}},
  pages       = {22--29},
  volume      = {1344},
  address     = {Vienne, Austria},
  hal_id      = {hal-01940804},
  hal_version = {v1},
  month       = {3},
  year        = {2015},
}

@Article{Bertin2015c,
  author  = {Bertin, Marc and Atanassova, Iana and Vincent Larivière and Gingras, Yves},
  title   = {{Mapping the Linguistic Context of Citations}},
  doi     = {10.1002/bult.2015.1720410208},
  issn    = {2373-9223},
  number  = {2},
  volume  = {41},
  journal = {{Bulletin of the Association for Information Science and Technology (ASIST) Featuring the “The Future of Science Mapping”}},
  month   = {1},
  year    = {2015},
}

@InProceedings{Bertin2015d,
  author      = {Bertin, Marc and Atanassova, Iana and Larivi{\`e}re, Vincent and Gingras, Yves},
  booktitle   = {{American Association for the Advancement of Science (AAAS) Annual Meeting - Innovations, Information, and Imaging}},
  title       = {{The Linguistic Context of Citations: a Cartography of the Structure of Scientific Papers}},
  address     = {San Jose, California, United States},
  hal_id      = {hal-01954569},
  hal_version = {v1},
  month       = {2},
  year        = {2015},
}

@Proceedings{Kostov2015,
  date     = {2015-06-22},
  title    = {Atelier "Traitement Automatique des Langues Slaves" (TASLA)},
  editor   = {Kostov, Jovan and Thomas, Izabella and Atanassova, Iana},
  location = {Caen},
  series   = {22\textsuperscript{e} Conférence sur le Traitement Automatique des Langues Naturelles (TALN 2015)},
  address  = {Caen},
  year     = {2015},
}

@InProceedings{Thomas2015,
  author    = {Izabella Thomas and Atanassova, Iana},
  title     = {Towards the Enrichment of Terminological Resources by Scientific Corpora Analysis},
  booktitle = {Electronic lexicography in the 21\textsuperscript{th} century Conference: Linking lexical data in the digital age (eLex 2015)},
  year      = {2015},
  address   = {United Kingdom},
}

@InProceedings{Atanassova2014,
  author    = {Atanassova, Iana and Bertin, Marc},
  booktitle = {{Semantic Publishing Challenge co-located with 11\textsuperscript{th} European Semantic Web Conference (ESWC 2014)}},
  title     = {{Faceted Semantic Search for Scientic Papers}},
  address   = {Anissaras, Greece},
  keywords  = {Semantic Annotation ; Information Retrieval ; Faceted Search ; Semantic Facets ; Solr},
  month     = {5},
  year      = {2014},
}

@InBook{Atanassova2014a,
  author    = {Atanassova, Iana and Bertin, Marc},
  booktitle = {Communications in Computer and Information Science},
  title     = {Semantic Web Evaluation Challenge: SemWebEval 2014 at ESWC 2014},
  chapter   = {Semantic Facets for Scientific Information Retrieval},
  editor    = {Valentina Presutti et al.},
  isbn      = {978-3-319-12024-9},
  pages     = {108--113},
  publisher = {Springer},
  abstract  = {We present an Information Retrieval System for scientific publications that provides the possibility to filter results according to semantic facets. We use sentence-level semantic annotations that identify specific semantic relations in texts, such as methods, definitions, hypotheses, that correspond to common information needs related to scientific literature. The semantic annotations are obtained using a rule-based method that identifies linguistic clues organized into a linguistic ontology. The system is implemented using Solr Search Server and offers efficient search and navigation in scientific papers.},
  month     = {5},
  year      = {2014},
}

@InProceedings{Bertin2014,
  author    = {Bertin, Marc and Atanassova, Iana},
  booktitle = {{Proceedings of the 1\textsuperscript{st} Workshop on Bibliometric-enhanced Information Retrieval (BIR 2014) co-located with 36\textsuperscript{th} European Conference on Information Retrieval (ECIR 2014)}},
  title     = {{A study of lexical distribution in citation contexts through the IMRaD standard}},
  pages     = {5--12},
  volume    = {1143},
  address   = {Amsterdam, Netherlands},
  keywords  = {Content Citation Analysis ; Citation Contexts ; Bibliographic References ; IMRaD ; Citation Acts ; Lexical Distribution},
  month     = {4},
  year      = {2014},
}

@InProceedings{Bertin2014a,
  author      = {Bertin, Marc and Atanassova, Iana},
  booktitle   = {82\textsuperscript{e} Congr{\`e}s de l'ACFAS (Association francophone pour le savoir), LNISC 2014 Langues Naturelles, Informatique et Sciences Cognitives Colloque 635},
  title       = {{Fouille textuelle, extraction et cat{\'e}gorisation de contextes de citations pour les articles scientifiques}},
  address     = {Montr{\'e}al, Canada},
  annotation  = {cat-sansActes},
  hal_id      = {hal-01954448},
  hal_version = {v1},
  month       = May,
  year        = {2014},
}

@InProceedings{Bertin2014b,
  author    = {Bertin, Marc and Atanassova, Iana},
  booktitle = {{Semantic Publishing Challenge co-located with 11\textsuperscript{th} European Semantic Web Conference (ESWC 2014)}},
  title     = {{Hybrid Approach for the Semantic Processing of Scientic Papers}},
  address   = {Anissaras, Crete, Greece},
  keywords  = {Semantic Annotation ; Citation Acts ; CRF ; RDF graphs},
  month     = {5},
  year      = {2014},
}

@InBook{Bertin2014c,
  author    = {Bertin, Marc and Atanassova, Iana},
  booktitle = {Communications in Computer and Information Science},
  title     = {Semantic Web Evaluation Challenge: SemWebEval 2014 at ESWC 2014},
  chapter   = {Extraction and Characterization of Citations in Scientific Papers},
  editor    = {Valentina Presutti et al.},
  isbn      = {978-3-319-12024-9},
  pages     = {120--128},
  publisher = {Springer},
  month     = {5},
  year      = {2014},
}

@InProceedings{Bertin2014d,
  author       = {Bertin, Marc and Atanassova, Iana and Larivi{\`e}re, Vincent and Gingras, Yves},
  booktitle    = {{10\textsuperscript{th} Iteration (2014): The Future of Science Mapping,'' Places \& Spaces: Mapping Science}},
  title        = {{The Linguistic Context of Citations}},
  organization = {{Katy B{\"o}rner and Samuel Mills}},
  url          = {http://scimaps.org/mapdetail/the_linguistic_conte_177},
  address      = {Indiana, United States},
  annotation   = {cat-vulg},
  hal_id       = {hal-01954672},
  hal_version  = {v1},
  year         = {2014},
}

@InProceedings{Bertin2013,
  author    = {Bertin, Marc and Atanassova, Iana and Larivi{\`e}re, Vincent and Gingras, Yves},
  booktitle = {{14\textsuperscript{th} International Conference of the International Society for Scientometrics and Informetrics (ISSI 2013)}},
  title     = {{The distribution of references in scientific papers: An analysis of the IMRaD structure}},
  pages     = {591--603},
  volume    = {1},
  address   = {Vienne, Austria},
  month     = {7},
  year      = {2013},
}

@PhdThesis{Atanassova2012,
  author   = {Atanassova, Iana},
  title    = {Exploitation informatique des annotations sémantiques automatiques d'Excom pour la recherche d'informations et la navigation},
  address  = {Paris, France},
  keywords = {Information retrieval, Semantic annotation, Contextual exploration, Information extraction, Ranking algorithm},
  month    = {janvier},
  school   = {Universit\'{e} Paris-Sorbonne (Paris-IV), sous la direction de Pr. Jean-Pierre Desclés},
  title-en = {Information Retrieval and Text Navigation through the Exploitation of the Automatic Semantic Annotation of the Excom Engine},
  year     = {2012},
}

@InProceedings{Atanassova2012a,
  author    = {Atanassova, Iana and Bertin, Marc and Descl{\'e}s, Jean-Pierre},
  booktitle = {{Quatri{\`e}me Atelier Recherche d'Information SEmantique (RISE 2012) co-located with 12\textsuperscript{e} Conf{\'e}rence Internationale Francophone sur l'Extraction et la Gestion des Connaissances (EGC 2012)}},
  title     = {{Ordonnancement des r{\'e}ponses pour une recherche d'information s{\'e}mantique {\`a} partir d'une ontologie discursive}},
  editor    = {Roussey Catherine and Chevallet Jean-Pierre},
  address   = {Bordeaux, France},
  month     = {1},
  year      = {2012},
}

@InProceedings{Bertin2012,
  author    = {Bertin, Marc and Atanassova, Iana and Descl{\'e}s, Jean-Pierre},
  booktitle = {{12\textsuperscript{e} Conf{\'e}rence Internationale Francophone sur l'Extraction et la Gestion des Connaissances (EGC 2012)}},
  title     = {{Outils de fouille textuelle {\`a} partir d'annotations s{\'e}mantiques}},
  subtitle  = {Démonstration de logiciels},
  address   = {Bordeaux, France},
  month     = {1},
  year      = {2012},
}

@InProceedings{Bertin2012a,
  author      = {Bertin, Marc and Atanassova, Iana and Descl{\'e}s, Jean-Pierre},
  booktitle   = {{23\textsuperscript{es} Journ{\'e}es francophones d'ing{\'e}nierie des connaissances (IC 2012)}},
  title       = {{Quelques applications de fouille textuelle d{\'e}di{\'e}es aux articles scientifiques (d{\'e}monstration)}},
  address     = {Paris, France},
  annotation  = {cat-national},
  hal_id      = {hal-01954485},
  hal_version = {v1},
  month       = {6},
  year        = {2012},
}

@InProceedings{Bertin2012b,
  author       = {Bertin, Marc and Atanassova, Iana},
  booktitle    = {{1\textsuperscript{st} International Workshop on Mining Scientific Publications (WOSP 2012) co-located with ACM/IEEE Joint Conference on Digital Libraries (JCDL 2012)}},
  title        = {{Semantic Enrichment of Scientific Publications and Metadata}},
  organization = {{Petr Knoth and Zdenek Zdrahal and Andreas Juffinger}},
  address      = {Washington DC, United States},
  month        = {6},
  year         = {2012},
}

@Article{Bertin2012c,
  author   = {Bertin, Marc and Atanassova, Iana},
  title    = {Semantic Enrichment of Scientific Publications and Metadata: Citation Analysis Through Contextual and Cognitive Analysis},
  doi      = {doi:10.1045/july2012-bertin},
  issn     = {1082-9873},
  number   = {7/8},
  volume   = {18},
  abstract = {The last several years have seen the emergence of digital libraries from which documents are harvested using the OAI-PMH protocol. Considering the volume of data provided by these repositories, we are interested in the exploitation of the full text content of scientific publications. Our aim is to bring new value to scientific publications by automatic extraction and semantic analysis. The identification of bibliographic references in texts makes it possible to localize specific text segments that carry linguistic markers in order to annotate a set of semantic categories related to citations. This work uses a categorization of surface linguistic markers organized in a linguistic ontology. The semantic annotations are used to enrich the document metadata and to provide new types of visualizations in an information retrieval context. We present the system architecture as well as some experimental results},
  journal  = {D-Lib Magazine},
  month    = {7},
  year     = {2012},
}

@Unpublished{Atanassova2011,
  author = {Atanassova, Iana},
  title  = {Recherche d'information et fouille textuelle à partir d'annotations sémantiques de textes scientifiques},
  note   = {Laboratoire LIP6, UMR 7606 UPMC - CNRS, Paris},
  month  = {Novembre},
  year   = {2011},
}

@InBook{Descles2011,
  author       = {Desclés, Jean-Pierre and Le Priol, Florence and Alrahabi, Motasem and Atanassova, Iana and Bertin, Marc},
  booktitle    = {Traitement automatique des langues naturelles: de l'analyse à l'application (Cognition et traitement de l'information)},
  title        = {{Fouille s{\'e}mantique des th{\`e}ses en ligne}},
  booksubtitle = {Recherche - Technologie - Applications (RTA)},
  editor       = {Biskri, Ismaïl and Jebali, Adel},
  isbn         = {9782746231382},
  pages        = {77--108},
  publisher    = {Hermes Science Publications},
  series       = {Cognition et traitement de l'information},
  year         = {2011},
}

@InProceedings{Descles2010,
  author      = {Descl{\'e}s, Jean-Pierre and Le Priol, Florence and Alrahabi, Motasem and Atanassova, Iana and Bertin, Marc},
  booktitle   = {78\textsuperscript{e} Congr{\`e}s de l'ACFAS (Association francophone pour le savoir), ''Traitement automatique des langues naturelles, analyses et applications''},
  title       = {{Fouille s{\'e}mantique des th{\`e}ses en ligne : un projet de Paris-Sorbonne}},
  address     = {Montr{\'e}al, Canada},
  annotation  = {cat-sansActes},
  hal_id      = {hal-01954101},
  hal_version = {v1},
  keywords    = {semantic search ; information retrieval ; contextual exploration ; thesis on line ; fouille s{\'e}mantique ; filtrage et recherche d'information ; exploration contextuelle ; th{\`e}se en ligne},
  month       = {5},
  year        = {2010},
}

@Unpublished{Atanassova2009,
  author = {Atanassova, Iana},
  title  = {Quels outils de mesure et de navigation en sciences humaines et sociales ? Analyse s\'emantique et automatique de r\'ef\'erences bibliographiques},
  note   = {M\'edialab, Sciences Po, Paris},
  month  = {Novembre},
  year   = {2009},
}

@InProceedings{Bertin2009,
  author      = {Bertin, Marc and Atanassova, Iana and Descl{\'e}s, Jean-Pierre},
  booktitle   = {{The 22\textsuperscript{nd} International Florida Artificial Intelligence Research Society Conference, (FLAIRS 2009)}},
  title       = {{Automatic analysis of author judgment in scientific articles based on semantic annotation}},
  publisher   = {{AAAI Press}},
  address     = {Sanibel Island, Florida, United States},
  hal_id      = {hal-01885113},
  hal_version = {v1},
  month       = {5},
  year        = {2009},
}

@InProceedings{Bertin2009a,
  author      = {Bertin, Marc and Atanassova, Iana and Descl{\'e}s, Jean-Pierre},
  booktitle   = {{Proceedings of the 1\textsuperscript{st} Workshop on Definition Extraction co-located with Recent Advances in Natural Language Processing (RANLP 2009)}},
  title       = {{Extraction of Authors' Definitions using Indexed Reference Identification}},
  address     = {Borovets, Bulgaria},
  hal_id      = {hal-01954118},
  hal_version = {v1},
  keywords    = {indexed references ; definition extraction ; Semantic annotation},
  month       = {9},
  year        = {2009},
}

@InProceedings{Atanassova2008,
  author    = {Atanassova, Iana and Blais, Antoine and Descl{\'e}s, Jean-Pierre},
  title     = {{A Cross-lingual Approach to the Discourse Automatic Annotation: Application to French and Bulgarian}},
  booktitle = {The 21\textsuperscript{st} International International Florida Artificial Intelligence Research Society Conference (FLAIRS 2008)},
  year      = {2008},
  publisher = {AAAI Press},
  month     = {May},
  abstract  = {In this paper we propose a cross-lingual approach to the discourse automatic annotation of scientific articles by the Contextual Exploration method. We present an application to French and Bulgarian as an illustration of the possibility to work with different languages that the method provides. We describe the methodology for the construction of the linguistic resources for Bulgarian based on the already existing resources for French and make an evaluation of the obtained annotations. We also discuss some of the applications of the discourse automatic annotation for automatic summarization and information retrieval.},
  address   = {Coconut Grove, Florida, USA},
}

@InProceedings{Atanassova2008a,
  Title                    = {{La plate-forme EXCOM comme outil automatique d'annotations s\'emantiques des textes pour la cat\'egorisation des informations sur le Web}},
  Author                   = {Atanassova, Iana and Descl\'es, Jean-Pierre and Franchi, Aur\'elien and Le Priol, Florence},
  Booktitle                = {Colloque "Internet : besoin de communiquer autrement", Universit\'e St. Cl\'ement d'Ohride},
  Year                     = {2008},
  Address                  = {Sofia, Bulgarie},
  Month                    = {octobre},
  annotation = {cat-national}
}

@InProceedings{Blais2007,
  author    = {Antoine Blais and Atanassova, Iana and Jean-Pierre Descl\'es and Leila Zighem and Mimi Zhang},
  title     = {{Discourse Automatic Annotation of Texts: an Application to Summarization}},
  booktitle = {The 20\textsuperscript{th} International Florida Artificial Intelligence Research Society Conference (FLAIRS 2007)},
  year      = {2007},
  publisher = {AAAI Press},
  month     = {May},
  abstract  = {The exploitation of the discourse structure of a text and the identification of the discourse categories are essential elements for the automatic summarization, as well as for the textual information retrieval. In this paper we will describe an automatic summarization strategy that uses these elements as the basis for the extraction of the most relevant textual segments that will constitute the summary. Certain linguistic markers allow us to annotate automatically a text according to discourse categories, in order to make visible the discourse structure and the discourse categories in the text. Our approach is domain independent and the discourse categories that we use for summarization are general for all natural languages. This makes it possible to apply our method to articles in various domains and in different languages.},
  address   = {Key West, Florida, USA},
}

@Comment{jabref-meta: databaseType:biblatex;}

@Comment{jabref-meta: saveOrderConfig:table;author;false;year;false;title;false;citationkey;false;}
